@online{ref:open_transport_data_swiss,
  title   = {Open Transport Data Swiss},
  url     = {https://opentransportdata.swiss/en/},
  urldate = {2025-07-21}
}

@online{ref:traffic_points_actual_date,
  title   = {Traffic-points-actual-date},
  url     = {https://data.opentransportdata.swiss/en/dataset/traffic-points-actual-date},
  urldate = {2025-08-01}
}

@online{ref:atlas_app_sbb,
  title   = {ATLAS App SBB},
  url     = {https://atlas.app.sbb.ch},
  urldate = {2025-07-23}
}

@online{ref:wikipedia_uic_codes,
  title   = {Liste des codes pays UIC},
  url     = {https://fr.wikipedia.org/wiki/Liste_des_codes_pays_UIC},
  urldate = {2025-08-02}
}

@online{ref:osm_bus_stop,
  title   = {DE:Tag:highway=bus_stop},
  url     = {https://wiki.openstreetmap.org/wiki/DE:Tag:highway=bus_stop},
  urldate = {2025-07-14}
}

@online{ref:osm_public_transport,
  title   = {Public transport},
  url     = {https://wiki.openstreetmap.org/wiki/Public_transport},
  urldate = {2025-07-15}
}

@online{ref:osm_key_public_transport,
  title   = {FR:Key:public_transport},
  url     = {https://wiki.openstreetmap.org/wiki/FR:Key:public_transport},
  urldate = {2025-07-16}
}

@online{ref:osm_proposal_public_transport,
  title   = {Proposal:Public transport schema},
  url     = {https://wiki.openstreetmap.org/wiki/Proposal:Public_transport_schema},
  urldate = {2025-07-17}
}

@online{ref:osm_transport_map,
  title   = {Transport Map},
  url     = {https://wiki.openstreetmap.org/wiki/Transport_Map},
  urldate = {2025-07-18}
}

@online{ref:osm_local_ref,
  title   = {Key:local_ref},
  url     = {https://wiki.openstreetmap.org/wiki/Key:local_ref},
  urldate = {2025-07-19}
}

@online{ref:overpass_turbo,
  title   = {Overpass Turbo},
  url     = {https://overpass-turbo.eu/},
  urldate = {2025-07-20}
}

@online{ref:sqlalchemy_docs,
  title   = {SQLAlchemy Documentation},
  url     = {https://www.sqlalchemy.org/},
  urldate = {2025-08-04}
}

@online{ref:flask_docs,
  title   = {Flask Documentation},
  url     = {https://flask.palletsprojects.com/},
  urldate = {2025-08-05}
}

@online{ref:jinja_docs,
  title   = {Jinja Documentation},
  url     = {https://jinja.palletsprojects.com/},
  urldate = {2025-08-06}
}

@online{ref:leaflet_docs,
  title   = {Leaflet Documentation},
  url     = {https://leafletjs.com/},
  urldate = {2025-08-07}
}

@online{ref:totp_rfc,
  title   = {RFC 6238: TOTP: Time-Based One-Time Password Algorithm},
  url     = {https://www.rfc-editor.org/rfc/rfc6238},
  urldate = {2025-06-15}
}

@online{ref:cloudflare_turnstile,
  title   = {Cloudflare Turnstile},
  url     = {https://www.cloudflare.com/products/turnstile/},
  urldate = {2025-06-16}
}

@online{ref:argon2_docs,
  title   = {Argon2 documentation},
  url     = {https://argon2-cffi.readthedocs.io/en/stable/},
  urldate = {2025-06-17}
}

@online{ref:fernet_docs,
  title   = {Fernet (symmetric encryption)},
  url     = {https://cryptography.io/en/latest/fernet/},
  urldate = {2025-06-18}
}

@online{ref:aws_ses,
  title   = {Amazon Simple Email Service (SES)},
  url     = {https://aws.amazon.com/ses/},
  urldate = {2025-08-11}
}

@online{ref:docker_docs,
  title   = {Docker Documentation},
  url     = {https://docs.docker.com/},
  urldate = {2025-08-12}
}

@online{ref:wkhtmltopdf,
  title   = {wkhtmltopdf},
  url     = {https://wkhtmltopdf.org/},
  urldate = {2025-08-13}
}

@online{ref:docker_compose_env_vars,
  title   = {Environment variables with Compose},
  url     = {https://docs.docker.com/compose/environment-variables/envvars/},
  urldate = {2025-08-14}
}

@online{ref:docker_compose,
  title   = {Docker Compose},
  url     = {https://docs.docker.com/compose/},
  urldate = {2025-08-15}
}

@online{ref:mysql_docs,
  title   = {MySQL 8.0 Documentation},
  url     = {https://dev.mysql.com/doc/},
  urldate = {2025-08-16}
}

@online{ref:alembic_docs,
  title   = {Alembic Documentation},
  url     = {https://alembic.sqlalchemy.org/},
  urldate = {2025-08-09}
}

@online{ref:gunicorn_docs,
  title   = {Gunicorn Documentation},
  url     = {https://gunicorn.org/},
  urldate = {2025-08-10}
}

@online{ref:nginx_docs,
  title   = {Nginx Documentation},
  url     = {https://nginx.org/en/},
  urldate = {2025-08-11}
}

@online{ref:docker_healthcheck,
  title   = {Dockerfile HEALTHCHECK},
  url     = {https://docs.docker.com/engine/reference/builder/#healthcheck},
  urldate = {2025-08-12}
}
